@article{nason2006stationary,
  title     = {Stationary and non-stationary time series},
  author    = {Nason, Guy P},
  journal   = {Statistics in volcanology},
  volume    = {60},
  year      = {2006},
  publisher = {Geological Society of London, London}
}

@inproceedings{chi2018stock,
  title        = {Stock price forecasting based on time series analysis},
  author       = {Chi, Wan Le},
  booktitle    = {AIP Conference Proceedings},
  volume       = {1967},
  number       = {1},
  pages        = {040032},
  year         = {2018},
  organization = {AIP Publishing LLC}
}

@article{samimi2009long,
  title     = {Long memory forecasting of stock price index using a fractionally differenced ARMA model},
  author    = {Samimi, Alireza Erfani Ahmad Jafari},
  journal   = {Journal of Applied sciences research},
  volume    = {5},
  number    = {10},
  pages     = {1721--1731},
  year      = {2009},
  publisher = {Citeseer}
}

@article{mondal2014study,
  title     = {Study of effectiveness of time series modeling (ARIMA) in forecasting stock prices},
  author    = {Mondal, Prapanna and Shit, Labani and Goswami, Saptarsi},
  journal   = {International Journal of Computer Science, Engineering and Applications},
  volume    = {4},
  number    = {2},
  pages     = {13},
  year      = {2014},
  publisher = {Academy \& Industry Research Collaboration Center (AIRCC)}
}

@inproceedings{hua2020bitcoin,
  title        = {Bitcoin price prediction using ARIMA and LSTM},
  author       = {Hua, Yiqing},
  booktitle    = {E3S Web of Conferences},
  volume       = {218},
  pages        = {01050},
  year         = {2020},
  organization = {EDP Sciences}
}

@article{nakamoto2008bitcoin,
  title   = {Bitcoin: A peer-to-peer electronic cash system [White Paper]},
  author  = {Nakamoto, Satoshi},
  url     = {https://bitcoin.org/bitcoin.pdf},
  urldate = {2022-12-28},
  year    = {2008}
}

@online{CoinMarketCap,
  author   = {{CoinMarketCap}},
  title    = {Global Cryptocurrency Charts},
  subtitle = {Total Cryptocurrency Market Cap. The graph shows the total market cap of all cryptoassets, including stablecoins and tokens.},
  urldate  = {2022-12-28},
  url      = {https://coinmarketcap.com/charts/}
}
